% References file

@book{erciyes2013distributed,
    author = "K. Erciyes",
    title = "Distributed Graph Algorithms for Computer Networks",
    publisher = "Springer London",
    isbn = "978-1-4471-5172-2",
    year = "2013"
}

@book{asynchronous2009manish,
  title={Asynchronous Serial Communication Protocol 
         (without Flow Control) using TLM 2.0)},
  author={Manish Aggarwal, Ruchir Bharti},
  year={2009},
}
