% OpenFlow
@book{nick2008openflow,
  title={OpenFlow: Enabling Innovation in Campus Networks},
  author={Nick McKeown and Tom Anderson, Hari Balakrishnan and
          Guru Parulkar and Larry Peterson and Jennifer Rexford and
          Scott Shenker and Jonathan Turner},
  year={2008},
  publisher={ACM}
}


% Overlay networks
@book{clark2006overlay,
  title={Overlay Networks and the Future of the Internet},
  author={Dave CLARK and Bill LEHR and Steve BAUER and Peyman FARATIN and Rahul SAMI},
  url={http://people.csail.mit.edu/wlehr/Lehr-Papers_files/Clark%20Lehr%20et%20al%20Overlays%20CandS%20Sept2006.pdf},
  year={2006},
  publisher={Massachusetts Institute of Technology}
}


% Minicurso SBRC
@misc{guedes2012redes,
    Author = {Guedes, Dorgival and Vieira, Luiz and Vieira, Marcos and Rodrigues, Henrique},
    Booktitle = {Minicursos do Simp{\'o}sio Brasileiro de Redes de Computadores e Sistemas Distribu{\'\i}dos},
    Title = {Redes Definidas por Software: uma abordagem sist{\^e}mica para o desenvolvimento de pesquisas em Redes de Computadores},
    Year = 2012
}


% PlanetLab
@inproceedings{peterson2006experiences,
    author = {Peterson, Larry and Bavier, Andy and Fiuczynski, Marc E. and Muir, Steve},
    title = {Experiences Building PlanetLab},
    booktitle = {Proceedings of the 7th Symposium on Operating Systems Design and Implementation},
    series = {OSDI '06},
    year = {2006},
    isbn = {1-931971-47-1},
    location = {Seattle, Washington},
    pages = {351--366},
    numpages = {16},
    url = {http://dl.acm.org/citation.cfm?id=1298455.1298489},
    acmid = {1298489},
    publisher = {USENIX Association},
    address = {Berkeley, CA, USA},
}


% GENI network
@article{berman2014geni,
    title = "GENI: A federated testbed for innovative network experiments ",
    journal = "Computer Networks ",
    volume = "61",
    number = "0",
    pages = "5 - 23",
    year = "2014",
    note = "Special issue on Future Internet Testbeds – Part I ",
    issn = "1389-1286",
    doi = "http://dx.doi.org/10.1016/j.bjp.2013.12.037",
    url = "http://www.sciencedirect.com/science/article/pii/S1389128613004507",
    author = "Mark Berman and Jeffrey S. Chase and Lawrence Landweber and Akihiro Nakao and Max Ott and Dipankar Raychaudhuri and Robert Ricci and Ivan Seskar",
}


% Openflow e as redes definidas por software
@article{rothenberg2010openflow,
    title={OpenFlow e redes definidas por software: um novo paradigma de controle e inova{\c{c}}{\~a}o em redes de pacotes},
    author={Rothenberg, Christian Esteve and Nascimento, Marcelo Ribeiro and Salvador, Marcos Rog{\'e}rio and Magalh{\~a}es, Maur{\'\i}cio Ferreira},
    journal={Cad. CPqD Tecnologia, Campinas},
    volume={7},
    number={1},
    pages={65--76},
    year={2010}
}


% MPLS
@book{bruce2008mpls,
  title={MPLS: Next Steps},
  author={Bruce S.. Davie and Farrel, Adrian},
  year={2008},
  publisher={Elsevier}
}


% Openflow specfication
@ONLINE{ofprotocol2015,
    author = {Open Networking Foundation, ONF},
    title = {OpenFlow 1.5 specification},
    month = Dec,
    year = {2014},
    url = {https://www.opennetworking.org/images/stories/downloads/sdn-resources/onf-specifications/openflow/openflow-switch-v1.5.0.noipr.pdf}
}


% Lib fluid
@ONLINE{libfluid2015,
    author = {Libfluid, CNPq},
    title = {Libfluid},
    month = Feb,
    year = {2015},
    url = {http://opennetworkingfoundation.github.io/libfluid/index.html}
}


% Nox controller
@ONLINE{nox2015,
    author = {NOX, controller},
    title = {NOX controller},
    month = feb,
    year = {2015},
    url = {http://www.noxrepo.org/nox/about-nox/}
}


% Beacon controller
@ONLINE{beacon2015,
    author = {Beacon, controller},
    title = {Beacon controller},
    month = feb,
    year = {2015},
    url = {https://openflow.stanford.edu/display/Beacon/Home}
}


% Pox controller
@ONLINE{pox2015,
    author = {POX, controller},
    title = {POX controller},
    month = feb,
    year = {2015},
    url = {http://www.noxrepo.org/pox/about-pox/}
}


% Ryu controller
@ONLINE{ryu2015,
    author = {Ryu, controller},
    title = {Ryu controller},
    month = feb,
    year = {2015},
    url = {http://osrg.github.io/ryu/}
}


% SDN Internet archtecture
@article{barath2012software,
  title={Software-Defined Internet Architecture},
  author={Barath, Raghavan and Teemu, Koponen and Ali, Ghodsi and 
          Martín, Casado and Sylvia, Ratnasamy and Scott, Shenker},
  year={2012},
  publisher={Hotnets ’12 ACM}
}
