% OpenFlow
@book{nick2008openflow,
  title={OpenFlow: Enabling Innovation in Campus Networks},
  author={Nick McKeown and Tom Anderson, Hari Balakrishnan and
          Guru Parulkar and Larry Peterson and Jennifer Rexford and
          Scott Shenker and Jonathan Turner},
  year={2008},
  publisher={ACM}
}

% Minicurso SBRC
@misc{guedes2012redes,
    Author = {Guedes, Dorgival and Vieira, Luiz and Vieira, 
        Marcos and Rodrigues, Henrique},
    Booktitle = {Minicursos do Simp{\'o}sio Brasileiro de Redes de 
        Computadores e Sistemas Distribu{\'\i}dos},
    Title = {Redes Definidas por Software: uma abordagem sist{\^e}mica 
        para o desenvolvimento de pesquisas em Redes de Computadores},
    Year = {2012}
}


% Openflow specfication
@ONLINE{ofprotocol2015,
    author = {Open Networking Foundation, ONF},
    title = {OpenFlow 1.5 specification},
    month = Dec,
    year = {2014},
    url = {https://www.opennetworking.org/images/stories/downloads/
        sdn-resources/onf-specifications/openflow/
            openflow-switch-v1.5.0.noipr.pdf}
}

% SDN Internet archtecture
@article{barath2012software,
  title={Software-Defined Internet Architecture},
  author={Barath, Raghavan and Teemu, Koponen and Ali, Ghodsi and 
          Martín, Casado and Sylvia, Ratnasamy and Scott, Shenker},
  year={2012},
  publisher={Hotnets ’12 ACM}
}


% Graph as a primitive
@inproceedings{ramya2012dynamic,
    Author = {Ramya Raghavendra and Jorge Lobo and Kang-Won Lee},
    Booktitle = {Proceedings of the Workshop on Hot Topics on Software 
        Defined Networking, HotSDN'12},
    Title = {Dynamic Graph Query Primitives for {SDN}-based 
        Cloud Network Management},
    Year = {2012}
}

% Onix
@inproceedings{teemu2010onix,
    Acmid = {1924968},
    Address = {Berkeley, CA, USA},
    Author = {Koponen, Teemu and Casado, Martin and Gude, Natasha and 
        Stribling, Jeremy and Poutievski, Leon and Zhu, Min and Ramanathan, 
        Rajiv and Iwata, Yuichiro and Inoue, Hiroaki and Hama, 
        Takayuki and Shenker, Scott},
    Booktitle = {Proceedings of the 9th USENIX conference on Operating 
        systems design and implementation},
    Location = {Vancouver, BC, Canada},
    Numpages = {6},
    Pages = {1-6},
    Publisher = {USENIX Association},
    Series = {OSDI'10},
    Title = {Onix: a distributed control platform for large-scale 
        production networks},
    Url = {http://dl.acm.org/citation.cfm?id=1924943.1924968},
    Year = {2010},
    Bdsk-Url-1 = {http://dl.acm.org/citation.cfm?id=1924943.1924968}
}


%Frenetic
@article{foster2011frenetic,
    author = {Foster, Nate and Harrison, Rob and Freedman, Michael J. 
        and Monsanto, Christopher and Rexford, Jennifer and Story, 
        Alec and Walker, David},
    title = {Frenetic: a network programming language},
    journal = {SIGPLAN Not.},
    issue_date = {September 2011},
    volume = {46},
    number = {9},
    month = sep,
    year = {2011},
    issn = {0362-1340},
    pages = {279--291},
    numpages = {13},
    url = {http://doi.acm.org/10.1145/2034574.2034812},
    doi = {10.1145/2034574.2034812},
    acmid = {2034812},
    publisher = {ACM},
    address = {New York, NY, USA},
    keywords = {domain-specific languages, functional reactive programming, 
        network programming languages, openflow},
}


% Pyretic
@inproceedings{monsanto2013composing,
    author = {Monsanto, Christopher and Reich, Joshua and Foster, 
        Nate and Rexford, Jennifer and Walker, David},
    title = {Composing software-defined networks},
    booktitle = {Proceedings of the 10th USENIX conference on Networked 
        Systems Design and Implementation},
    series = {nsdi'13},
    year = {2013},
    location = {Lombard, IL},
    pages = {1--14},
    numpages = {14},
    url = {http://dl.acm.org/citation.cfm?id=2482626.2482629},
    acmid = {2482629},
    publisher = {USENIX Association},
    address = {Berkeley, CA, USA},
}


% Resilient Overlay
@article{anderson2001resilient,
    title={Resilient Overlay Networks},
    author={David, Andersen and Hari, Balakrishnan and Frans, Kaashoek and
        Robert, Morris},
    url={http://dl.acm.org/citation.cfm?doid=502034.502048},
    year={2001},
    publisher={ACM New York, NY, USA}
}


% CCN
@article{van2009networking,
    title={Networking Named Content},
    author={van Jacobson},
    url={http://conferences.sigcomm.org/imc/2006/papers/p20-legout.pdf},
    year={2009},
    publisher={ACM}
}


% ICN
@article{bong2009information,
    title={An Information-Centric Architecture for Data Center Networks},
    author={Bong, Jun Ko and Vasileios, Pappas and Ramya, Raghavendra and 
    Yang, Song and Raheleh, B. Dilmaghani and Kang-Won, Lee and Dinesh, Verma},
    year={2012},
    publisher={ICN’12}
}



% Fabric approach
@article{fabric2012martin,
    title={Fabric: A Retrospective on Evolving SDN},
    author={Martín, Casado and Teemu, Koponen and Scott, Shenker 
        and Amin, Tootoonchian},
    year={2012},
    publisher={HotSDN '12}
}


% Equacao de justica JAIN' fairneess index
@book{jain,
  title={A quantitative measure of fairness and discrimination for resource 
        allocation in shared computer system},
  author={Jain, Raj and Chiu, Dah-Ming and Hawe, William R},
  year={1984},
  publisher={Eastern Research Laboratory, Digital Equipment 
            Corporation Hudson, MA}
}
