@article{shai2007seam,
    title={Seam Carving for Content-Aware Image Resizing},
    author={Shai Avidan, Ariel Shamir},
    year={2007},
    publisher={ACM}
}

@MISC{chen07priorityqueues,
    author = {Mo Chen and Rezaul Alam Chowdhury and Vijaya Ramachandran and David Lan Roche and Lingling Tong},
    title = {Priority Queues and Dijkstraâ€™s Algorithm },
    year = {2007}
}

@book{clrs,
  author = "T.~H. Cormen and C.~E. Leiserson and R.~L. Rivest and C.~Stein",
  edition = "3rd",
  publisher = "The MIT Press",
  title = "Introduction to Algorithms",
  year = "2009",
  isbn = "978-0-262-03384-8"
}